@online{onu-Agua,
	author = {ONU},
	title = {Agua},
	date = {2022},
	url = {https://www.un.org/es/global-issues/water},
	urldate = {2022-12-15},
}

@article{ramos2016,
	author = {Ramos, Manuel and Boix, Marianne and Aussel, Didier and Montastruc, Ludovic and Domenech, Serge},
	title = {Water integration in eco-industrial parks using a multi-leader follower approach},
	journaltitle = {Computers and Chemical Engineering},
	date = {2016},
	volume = {87},
	pages = {190-207},
	notes = {Optimización de redes de agua en EIP, teoría de juego, SLMF y MLSF}
}

@article{su2004,
	title={A sequential NCP algorithm for solving equilibrium problems with equilibrium constraints},
	author={Su, Che-Lin},
	journal={Manuscript, Department of Management Science and Engineering, Stanford University, Stanford, CA},
	year={2004},
	publisher={Citeseer},
	note={Sequential NCP Algorithm para resolver EPEC}
}

@article{montastruc2013,
	author = {Montastruc, Ludovic and Boix, Marianne and Pibouleau, Luc and Azzaro-Pantel, Catherine and Domenech, Serge},
	title = {On the flexibility of an eco-industrial park (EIP) for managing industrial water},
	journaltitle = {Journal of Cleaner Production},
	date = {2013},
	volume = {43},
	pages = {1-11},
	note= {}
}

@article{boix2015,
	author = {Boix, Marianne and Montastruc, Ludovic and Azzaro-Pantel, Catherine and Domenech, Serge},
	title = {Optimization methods applied to the design of eco-industrial parks: a literature review},
	journaltitle = {Journal of Cleaner Production},
	date = {2015},
	volume = {87},
	pages = {303--317},
	publisher={Elsevier}
}

@article{boix2011,
	author = {Boix, Marianne and Montastruc, Ludovic and Pibouleau, Luc and Azzaro-Pantel, Catherine and Domenech, Serge},
	title = {A multiobjective optimization framework for multicontaminant industrial water network design},
	journaltitle = {Journal of Environmental Management},
	date = {2011},
	volume = {92},
	number = {7},
	pages = {1802-1808},
}

@article{boix2010,
	author = {Boix, Marianne and Montastruc, Ludovic and Pibouleau, Luc and Azzaro-Pantel, Catherine and Domenech, Serge},
	title = {Multiobjective optimization of industrial water networks with contaminants},
	journaltitle = {20th European Symposium on Computer Aided Process Engineering},
	date = {2010},
	editor = {S. Pierucci and G. Buzzi Ferraris},
}

@article{boix2012,
	author = {Boix, Marianne and Montastruc, Ludovic and Pibouleau, Luc and Azzaro-Pantel, Catherine and Domenech, Serge},
	title = {Industrial water management by multiobjective optmization: from individual to collective solution through eco-industrial parks},
	journaltitle = {Journal o Cleaner Production},
	date = {2012},
	volume={22},
	pages = {85-97},
	publisher={Elsevier}
}

@article{ramos2015,
	author = {Ramos, Manuel and Boix, Marianne and Aussel, Didier and Montastruc, Ludovic and Vilamajo, Patrick and Domenech, Serge},
	title = {Water Exchanges in Eco-industrial Parks through Multiobjective Optimization and Game Theory},
	journaltitle = {Computer Aided Chemical Engineering},
	date = {2015},
	volume = {37},
	pages = {1997-2002},
	publisher={Elsevier}
}

@article{ramos2014,
	author = {Ramos, Manuel and Boix, Marianne and Montastruc, Ludovic and Domenech, Serge},
	title = {Multiobjective Optimization Using Goal Programming for Industrial Water Network Design},
	journaltitle = {Industrial and engineering chemistry research},
	date = {2014},
	volume = {53},
	number = {45},
	pages = {17722-17735},
	note={efectividad de programación por metas respecto a otros métodos de MOO para el diseño de una red de agua industrial}
}

@article{ramos2018,
	author = {Ramos, Manuel and Rocafull, Mariona and Boix, Marianne and Aussel, Didier and Montastruc, Ludovic and Domenech, Serge},
	title = {Utility network optimization in eco-industrial parks by a multi-leader follower game methodology},
	journaltitle = {Computers and Chemical Engineering},
	date = {2018},
	volume = {112},
	pages = {132-153}
}

@online{onu-sostenibilidad,
	author = {ONU},
	title = {Sostenibilidad},
	date = {2022},
	url = {https://www.un.org/es/impacto-académico/sostenibilidad},
}


@article{ecologia-industrial,
	author = {Cervantes, G. and Sosa, R. and Rodríguez, G. and Robles, F.},
	title = {Ecología industrial y desarrollo sustentable},
	journaltitle = {Ingeniería},
	date = {2009},
	volume = {13},
	pages = {63-70},
}

@article{lou2004,
	author = {Lou, Helen and Singh, Kulkarni and Huang, Yinlun},
	title = {A game theory approach for emergy analysis of industrial ecosystem under uncertainty},
	journaltitle = {Clean Technologies and Environmental Policy},
	date = {2004},
}

@article{chew2009,
	author = {Chew, Irene and Tan, Raymond and Foo, Dominic and Chiu, Anthony},
	title = {Game theory approach to the analysis of inter-plant water integration in an eco-industrial park},
	journaltitle = {Journal of Cleaner Production},
	date = {2009},
	publisher={Elsevier}
}


@report{dempe2016,
	author = {Dempe, Stephan and Franke, Susanne},
	title = {Solution of Bilevel Optimization Problems using the KKT Approach},
	type = {type},
	institution = {Fakultät für Mathematik und Informatik, Technische Universität Bergakademie Freiberg},
	date = {2016},
}

@book{dempe2015,
	author = {Dempe, Stephan and Kalashnikov, Vyacheslav and Pérez-Valdés, Gerardo and Kalashnykova, Nataliya},
	title = {Bilevel Programming Problems},
	date = {2015},
	subtitle = {Theory, Algorithms and Applications to Energy Networks},
	notes = {Reducción de problemas de dos niveles a problemas de un solo nivel.}, 
	chapter = {3}
}

@article{basilico2017,
	author = {Basilico, Nicola and Coniglio, Stefano and Gatti, Nicola},
	title = {Methods for ﬁnding leader–follower equilibria with multiple followers},
	journaltitle = {arXiv preprint arXiv:1707.02174},
	date = {2017},
}

@article{leyffer2005,
	title={Solving multi-leader-follower games},
	author={Leyffer, Sven and Munson, Todd},
	journal={Preprint ANL/MCS-P1243-0405},
	volume={4},
	number={04},
	year={2005},
	publisher={Citeseer},
	note={EPECs should be solved by a single nonlinear optimization problem simultaneously for all leaders. Our approach exploits the insight gained from applying nonlinear solvers to MPECs. In particular, we derive an NCP formulation of	the EPEC based on the equivalence between the KKT conditions of the MPEC and strong stationarity. This NCP formulation is analyzed further and	we derive equivalent MPEC and nonlinear programming (NLP) formulations. We also
	introduce the notion of price consistency and show that it leads to a restricted square NCP that can be solved by applying standard NCP solvers.}
}

@article{aussel2022,
	author = {Aussel, Didier and Van Kien Cao and Salas, David},
	title = {Optimal design of exchange water networks with control inputs in Eco-Industrial Parks},
	journaltitle = {arXiv preprint arXiv:2204.09863},
	date = {2022},
	notes = {optimización de redes de agua en EIP formulado como SLMFG es transformado en un solo problema de enteros mixtos. Compara resultados con salas2020.}
}

@article{salas2020,
	author = {Salas, David and Van, Kien Cao and Aussel, Didier and Montastruc, Ludovic},
	title = {Optimal design of exchange networks with blind inputs and its application to Eco-Industrial parks},
	journal = {Computer and Chemical Engineering},
	year = {2020},
	notes = {optimización de redes de agua en EIP como SLMFG es transformado en un solo problema de enteros mixtos + modelo Blind-Input.}
}

@manual{onudi-manual-eip,
	author = {ONUDI},
	title = {Manual para la caja de herramientas de la ONUDI sobre Parques Eco-Industriales},
	date = {2019},
}

@online{onudi-eip,
	author = {ONUDI},
	title = {Eco-Industrial Parks},
	date = {2022},
	url = {https://www.unido.org/our-focus-safeguarding-environment-resource-efficient-and-low-carbon-industrial-production/eco-industrial-parks},
}

@article{aviso2010,
	title={Bi-level fuzzy optimization approach for water exchange in eco-industrial parks},
	author={Aviso, Kathleen B and Tan, Raymond R and Culaba, Alvin B and Cruz Jr, Jose B},
	journal={Process Safety and Environmental Protection},
	volume={88},
	number={1},
	pages={31-40},
	year={2010},
	publisher={Elsevier}
}

@article{mousque2020,
	title={Optimal Design of Eco-Industrial Parks with coupled energy networks addressing Complexity bottleneck through an Interdependence analysis},
	author={Mousquè, Florent and Boix, Marianne and Montastruc, Ludovic and Domenech, Serge and Négny, Stéphane},
	journal={Computers and Chemical Engineering},
	volume={138},
	pages={106859},
	year={2020},
	publisher={Elsevier}
}

@article{galvancara2022,
	title={Application of Industrial Symbiosis principles to the management of utility networks},
	author={Galvan-Cara, Aldwin-Lois and Graells, Moisès and Espuña, Antonio},
	journal={Applied Energy},
	volume={305},
	pages={117734},
	year={2022},
	publisher={Elsevier}
}

@phdthesis{cao2020,
	title={Multi-leader-follower models: theoretical analysis, simulation, and application to eco-industrial parks},
	author={Cao, Van Kien and others},
	year={2020},
	school={Perpignan}
}


@article{dempe2020,
	title={Optimality conditions in terms of convexificators for a bilevel multiobjective optimization problem},
	author={Dempe, S and Gadhi, N and El Idrissi, M},
	journal={Optimization},
	volume={69},
	number={7-8},
	pages={1811--1830},
	year={2020},
	publisher={Taylor \& Francis}
}

@article{hu2015,
	title={Multi-leader-follower games: models, methods and applications},
	author={Hu, Ming and Fukushima, Masao},
	journal={Journal of the Operations Research Society of Japan},
	volume={58},
	number={1},
	pages={1--23},
	year={2015},
	publisher={The Operations Research Society of Japan}
}

@article{nie2021,
	title={The Gauss--Seidel method for generalized Nash equilibrium problems of polynomials},
	author={Nie, Jiawang and Tang, Xindong and Xu, Lingling},
	journal={Computational Optimization and Applications},
	volume={78},
	pages={529--557},
	year={2021},
	publisher={Springer}
}

@article{hori2019,
	title={Gauss--Seidel method for multi-leader--follower games},
	author={Hori, Atsushi and Fukushima, Masao},
	journal={Journal of Optimization Theory and Applications},
	volume={180},
	number={2},
	pages={651--670},
	year={2019},
	publisher={Springer}
}

@article{leyffer2010,
	title={Solving multi-leader--common-follower games},
	author={Leyffer, Sven and Munson, Todd},
	journal={Optimisation Methods \& Software},
	volume={25},
	number={4},
	pages={601--623},
	year={2010},
	publisher={Taylor \& Francis}
}

@article{basilico2020,
	title={Bilevel programming methods for computing single-leader-multi-follower equilibria in normal-form and polymatrix games},
	author={Basilico, Nicola and Coniglio, Stefano and Gatti, Nicola and Marchesi, Alberto},
	journal={EURO Journal on Computational Optimization},
	volume={8},
	number={1},
	pages={3--31},
	year={2020},
	publisher={Springer}
}

@article{tran2020,
	title={Resource allocation for multi-tenant network slicing: A multi-leader multi-follower stackelberg game approach},
	author={Tran, Thinh Duy and Le, Long Bao},
	journal={IEEE Transactions on Vehicular Technology},
	volume={69},
	number={8},
	pages={8886--8899},
	year={2020},
	publisher={IEEE}
}

@article{jay2020,
	title={Game theoretical approach to novel reactive power ancillary service market mechanism},
	author={Jay, Devika and Swarup, KS},
	journal={IEEE Transactions on Power Systems},
	volume={36},
	number={2},
	pages={1298--1308},
	year={2020},
	publisher={IEEE}
}

@article{chen2020,
	title={Dynamic pricing in electricity and natural gas distribution networks: An EPEC model},
	author={Chen, Sheng and Sun, Guoqiang and Wei, Zhinong and Wang, Dan},
	journal={Energy},
	volume={207},
	pages={118138},
	year={2020},
	publisher={Elsevier}
}

@article{aussel2020,
	title={A short state of the art on multi-leader-follower games},
	author={Aussel, Didier and Svensson, Anton},
	journal={Bilevel optimization: Advances and next challenges},
	pages={53--76},
	year={2020},
	publisher={Springer}
}

@article{bazin2020,
	title={On Stackelberg--Nash Equilibria in Bilevel Optimization Games},
	author={Bazin, Damien and Julien, Ludovic and Musy, Olivier},
	journal={Bilevel optimization: Advances and next challenges},
	pages={27--51},
	year={2020},
	publisher={Springer}
}

@article{caruso2020,
	title={Regularization and approximation methods in Stackelberg games and bilevel optimization},
	author={Caruso, Francesco and Lignola, M Beatrice and Morgan, Jacqueline},
	journal={Bilevel Optimization: Advances and Next Challenges},
	pages={77--138},
	year={2020},
	publisher={Springer}
}

@article{facchinei2011,
	title={Decomposition algorithms for generalized potential games},
	author={Facchinei, Francisco and Piccialli, Veronica and Sciandrone, Marco},
	journal={Computational Optimization and Applications},
	volume={50},
	pages={237--262},
	year={2011},
	publisher={Springer}
}

@article{anitescu2007,
	title={Elastic-mode algorithms for mathematical programs with equilibrium constraints: global convergence and stationarity properties},
	author={Anitescu, Mihai and Tseng, Paul and Wright, Stephen J},
	journal={Mathematical programming},
	volume={110},
	pages={337--371},
	year={2007},
	publisher={Springer}
}

@article{jane2005,
	title={Necessary and sufficient optimality conditions for mathematical programs with equilibrium constraints},
	author={Jane, J Ye},
	journal={Journal of Mathematical Analysis and Applications},
	volume={307},
	number={1},
	pages={350--369},
	year={2005},
	publisher={Elsevier}
}

@article{leenders2021,
	title={Scheduling coordination of multiple production and utility systems in a multi-leader multi-follower Stackelberg game},
	author={Leenders, Ludger and Ganz, Kirstin and Bahl, Bj{\"o}rn and Hennen, Maike and Baumg{\"a}rtner, Nils and Bardow, Andr{\'e}},
	journal={Computers \& Chemical Engineering},
	volume={150},
	pages={107321},
	year={2021},
	publisher={Elsevier}
}

@article{yu2022,
	title={Learning Correlated Stackelberg Equilibrium in General-Sum Multi-Leader-Single-Follower Games},
	author={Yu, Yaolong and Xu, Haifeng and Chen, Haipeng},
	journal={arXiv preprint arXiv:2210.12470},
	year={2022}
}

@article{koh2012,
	title={An evolutionary algorithm based on Nash dominance for equilibrium problems with equilibrium constraints},
	author={Koh, Andrew},
	journal={Applied soft computing},
	volume={12},
	number={1},
	pages={161--173},
	year={2012},
	publisher={Elsevier}
}

@article{liu2011,
	title={A new heuristic algorithm for the circular packing problem with equilibrium constraints},
	author={Liu, JingFa and Li, Gang and Geng, HuanTong},
	journal={Science China Information Sciences},
	volume={54},
	pages={1572--1584},
	year={2011},
	publisher={SP Science China Press}
}

@article{xu2005,
	title={An MPCC approach for stochastic Stackelberg–Nash–Cournot equilibrium},
	author={Xu, Huifu},
	journal={Optimization: A Journal of Mathematical Programming and Operations Research},
	year={2005},
	volume={54},
	number={1},
	pages={27--57}
}

@article{abapour2020,
	title={Game theory approaches for the solution of power system problems: A comprehensive review},
	author={Abapour, Saeed and Nazari-Heris, Morteza and Mohammadi-Ivatloo, Behnam and Tarafdar Hagh, Mehrdad},
	journal={Archives of Computational Methods in Engineering},
	volume={27},
	pages={81--103},
	year={2020},
	publisher={Springer}
}

@article{chu2020dea,
	title={DEA-based fixed cost allocation in two-stage systems: Leader-follower and satisfaction degree bargaining game approaches},
	author={Chu, Junfei and Wu, Jie and Chu, Chengbin and Zhang, Tinglong},
	journal={Omega},
	volume={94},
	pages={102054},
	year={2020},
	publisher={Elsevier}
}

@article{aussel2020trilevel,
	title={A trilevel model for best response in energy demand-side management},
	author={Aussel, Didier and Brotcorne, Luce and Lepaul, S{\'e}bastien and von Niederh{\"a}usern, L{\'e}onard},
	journal={European Journal of Operational Research},
	volume={281},
	number={2},
	pages={299--315},
	year={2020},
	publisher={Elsevier}
}

@article{steffensen2014,
	title={Relaxation approach for equilibrium problems with equilibrium constraints},
	author={Steffensen, Sonja and Bittner, Micha},
	journal={Computers \& operations research},
	volume={41}, 
	pages={333--345}, 
	year={2014}, 
	publisher={Elsevier} 
}

@book{pyomo2021,
	title={Pyomo-optimization modeling in python},
	author={Bynum, Michael L and Hackebeil, Gabriel A and Hart, William E and Laird, Carl D and Nicholson, Bethany L and Siirola, John D and Watson, Jean-Paul and Woodruff, David L and others},
	volume={67},
	year={2021},
	publisher={Springer}
}

@book{pyomo2017,
	title={Pyomo-optimization modeling in python},
	author={Hart, William E and Laird, Carl D and Watson, Jean-Paul and Woodruff, David L and Hackebeil, Gabriel A and Nicholson, Bethany L and Siirola, John D and others},
	volume={67},
	year={2017},
	publisher={Springer}
}

@article{hong2023bilevel,
	title={A bilevel game-theoretic decision-making framework for strategic retailers in both local and wholesale electricity markets},
	author={Hong, Qiuyi and Meng, Fanlin and Liu, Jian and Bo, Rui},
	journal={Applied Energy},
	volume={330},
	pages={120311},
	year={2023},
	publisher={Elsevier}
}

@article{ausseltutorial,
	title={A Tutorial on Solving Single-Leader-Multi-Follower Problems using SOS1 Reformulations},
	author={Aussel, Didier and Egea, C{\'e}cile and Schmidt, Martin}
}

@book{dempe2018,
	title={Bilevel optimization: theory, algorithms and applications},
	author={Dempe, Stephan},
	volume={3},
	year={2018},
	publisher={TU Bergakademie Freiberg, Fakult{\"a}t f{\"u}r Mathematik und Informatik Freiberg~…}
}

@article{pang2005,
	title={Quasi-variational inequalities, generalized Nash equilibria, and multi-leader-follower games},
	author={Pang, Jong-Shi and Fukushima, Masao},
	journal={Computational Management Science},
	volume={2},
	pages={21--56},
	year={2005},
	publisher={Springer}, 
	notes={Introduccion al paradigma de modelacion EPEC en la formulacion de MLFG segun leyffer2005},
}

@article{kim2020,
	title={MPEC methods for bilevel optimization problems},
	author={Kim, Youngdae and Leyffer, Sven and Munson, Todd},
	journal={Bilevel Optimization: Advances and Next Challenges},
	pages={335--360},
	year={2020},
	publisher={Springer}
}

@article{laamin2019,
	title={Application of Genetic Algorithm for Solving Bilevel Linear Programming Problems},
	author={Ait Laamim, M and Makrizi, A and Essoufi, EH},
	journal={Bioinspired Heuristics for Optimization},
	pages={123--136},
	year={2019},
	publisher={Springer}
}

@article{liu2021,
	title={An Intelligent Algorithm for Solving the Efficient Nash Equilibrium of a Single-Leader Multi-Follower Game},
	author={Liu, Lu-Ping and Jia, Wen-Sheng},
	journal={Mathematics},
	volume={9},
	number={5},
	pages={454},
	year={2021},
	publisher={MDPI}
}

@online{pyomo_doc_2023,
	ALTauthor = {author},
	ALTeditor = {editor},
	title = {Pyomo Documentation},
	date = {2023},
	url = {https://pyomo.readthedocs.io/_/downloads/en/stable/pdf/},
	urldate = {enero, 2024},
	OPTsubtitle = {subtitle},
	OPTtitleaddon = {titleaddon},
	OPTlanguage = {language},
	OPTversion = {version},
	OPTnote = {note},
	OPTorganization = {organization},
	OPTdate = {2024},
	OPTmonth = {month},
	OPTyear = {2024},
	OPTaddendum = {addendum},
	OPTpubstate = {pubstate},
	OPTurldate = {enero, 2024},
}

